2164 3166
572 231 622 257 ET
643 230 854 257 HLOTHARII
876 231 1137 259 CAPITFLARIA
1159 233 1215 258 814
1224 249 1261 252 -—
1271 234 1306 259 82
1313 234 1336 260 ἲ.
1695 233 1753 263 3ἶὸ

246 319 272 349 6.
317 318 366 349 Ut
388 318 567 359 episcopi
590 322 704 349 extra
726 319 925 359 propriam
948 321 1215 360 parroechiam
1239 331 1317 351 non
1339 326 1554 353 morentur.
1608 322 1753 364 Episcopi

146 369 231 399 enim
253 369 291 399 ad
313 369 469 400 culturam
496 370 629 410 propriis
657 370 797 400 ecclesiis
831 371 936 410 sepius
961 370 1075 401 debent
1106 372 1228 409 adesse,
1259 373 1331 412 quia
1362 372 1501 403 absentia
1524 374 1659 414 episcopi
1688 374 1752 414 ple-

146 429 281 460 rumque
302 420 337 450 fit
358 420 519 451 calamitas
542 420 650 461 plebis.
694 420 832 461 Ideoque
860 421 1043 452 Sardicense
1071 422 1293 453 admonentell
1321 424 1452 454 ‹mne-ilio
1482 425 1560 454 ultra
1583 426 1678 455 trium
1700 425 1752 455 eb-

145 470 340 502 domatarum
364 471 500 512 spatium
529 482 547 502 a
570 472 703 512 propriis
725 472 863 503 ecclesiis
885 482 948 502 non
972 477 1148 511 morentur,
1176 474 1236 503 nisi
1267 474 1344 505 forte
1366 484 1420 515 per
1441 476 1615 506 iussionem
1639 481 1751 506 metro-

117 538 129 553 5
144 520 272 562 politani
294 522 343 552 vel
366 522 532 563 principis,
554 524 579 553 si
602 532 642 553 ex
660 524 844 554 necessitate
855 524 1030 563 contingatss,
1054 525 1203 564 quoniam
1226 524 1350 565 longius
1375 527 1434 555 nisi
1459 536 1514 566 per
1535 528 1748 557 auctoritatem

143 573 324 603 canonicam
349 573 503 614 proficisci
524 583 628 614 neque
650 573 782 604 subiecti
805 574 979 605 sacerdotes
1001 575 1123 606 debent.

242 625 267 655 Τ.
311 624 382 655 Ubi
405 624 547 655 clerici
569 626 790 656 consistere
812 625 992 656 debeant.
1039 625 1221 656 Necessaria
1244 627 1358 657 etenim
1383 637 1432 657 res
1455 628 1576 659 existit.
1606 633 1639 658 ut
1662 629 1748 659 iuxta

144 675 307 706 ecelesiam
329 675 465 706 claustra
487 676 734 709 constituantur.
763 677 795 706 in
818 676 934 717 quibus
956 677 1058 707 clerici
1081 677 1253 717 disciplinis
1273 678 1472 708 eclesiasticis
1495 685 1618 711 vacent:
1644 680 1749 719 itaque

142 726 289 757 omnibus
309 736 410 757 unum
433 727 473 757 sit
487 727 684 758 refectorium
704 738 738 758 ac
757 728 993 766 dormitorium,
1016 738 1071 759 seu
1089 732 1207 759 ceterae
1230 728 1372 759 officinae
1394 729 1431 759 ad
1464 740 1541 760 usus
1564 731 1746 761 clericorum

103 791 126 809 ιο
142 777 342 808 necessariae.
375 777 510 808 Ministri
534 787 608 808 vero
632 781 702 818 post
726 779 907 819 episcopum
937 790 1031 820 super
1057 790 1092 810 ea
1114 780 1189 811 tales
1213 780 1382 820 eligantur,
1411 791 1546 821 quorum
1571 783 1632 812 vita
1655 788 1749 823 atque

141 827 281 858 doctrina
302 828 372 859 illos
392 829 495 869 potius
517 832 671 860 exornent
694 840 788 870 quam
810 830 1021 861 dehonestent.

238 882 265 908 8.
308 878 363 909 De
401 879 690 910 sacerdotibus
722 881 758 910 in
798 881 1000 912 subiectis
1036 881 1353 922 baptismalibus
1383 882 1564 922 plebibus
1599 884 1749 913 cousti-

138 930 313 960 tuendis.
356 930 505 971 Episcopi
527 931 559 961 in
584 930 824 972 baptismalibus
847 932 991 972 plebibus
1014 936 1048 963 ut
1070 936 1151 963 certe
1164 933 1296 973 propriis
1319 933 1483 973 diligenter
1504 943 1611 964 curam
1638 934 1750 965 habere

141 980 273 1019 debent,
295 984 326 1012 et
347 991 420 1011 cum
442 982 472 1012 in
497 983 541 1012 eis
563 982 761 1022 presbyteros
784 984 954 1013 necessitas
976 984 1146 1014 occurrerit
1168 984 1348 1016 ordinandi.
1372 988 1405 1014 ut
1428 986 1622 1015 reverentius
1644 985 1748 1015 obscr-

99 1045 122 1063 15
138 1036 242 1069 vetur3
266 1033 413 1063 convenit
434 1033 517 1063 enim
541 1034 573 1063 in
597 1034 641 1064 eis
662 1033 777 1064 ibidem
798 1034 1007 1065 habitantium
1033 1034 1092 1065 sibi
1112 1034 1258 1065 adhibere
1280 1044 1478 1065 consensum.

237 1084 262 1115 9.
306 1083 353 1114 Ut
375 1084 515 1114 cleriei
539 1094 614 1115 non
638 1085 724 1125 plus
748 1095 855 1125 quam
880 1086 1064 1116 sufficiat
1086 1086 1326 1116 ordinentur.
1369 1086 1479 1126 Itaque
1501 1087 1531 1116 in
1556 1096 1747 1124 etmeregffln-

137 1134 185 1164 dis
205 1134 325 1165 clericis
349 1135 462 1165 modus
493 1135 689 1166 discretionis
720 1140 878 1171 teneatur;
911 1137 1054 1167 videlicet
1085 1147 1123 1167 ue
1151 1137 1221 1177 plus
1252 1137 1457 1167 admittantur
1488 1147 1582 1177 quam
1616 1138 1746 1167 t'acultas

139 1195 243 1216 reruni
267 1186 311 1215 eis
334 1187 483 1216 canonice
506 1186 655 1217 attributa
677 1187 820 1218 sufficere
840 1189 946 1228 possit.

239 1238 282 1268 lo.
326 1236 378 1268 Dc
398 1238 673 1268 sacerdotibus
704 1239 769 1278 qui
801 1239 837 1268 in
868 1239 1055 1269 ecclesiis
1080 1239 1136 1269 vel
1166 1240 1422 1269 monasteriis
1454 1250 1525 1269 non
1556 1240 1745 1270 habitant.

96 1301 123 1317 κο
139 1288 321 1319 Sacerdotes
344 1299 481 1329 namque
504 1290 652 1319 constitui
676 1299 738 1319 non
763 1294 881 1330 oportet
907 1291 967 1320 nisi
989 1291 1020 1320 in
1045 1290 1188 1329 ecclesia,
1214 1296 1267 1320 aut
1291 1290 1415 1330 speciali
1440 1291 1627 1321 monasterio
1651 1291 1745 1331 depu-

137 1342 260 1377 tentur,
289 1349 327 1370 ne
350 1341 519 1371 necessitas
551 1341 580 1370 in
603 1341 817 1371 saecularibus
841 1341 987 1371 domibus
1015 1341 1076 1371 illis
1098 1341 1267 1371 habitando
1291 1346 1446 1372 occurrat:
1475 1342 1614 1381 alioquin
1638 1352 1654 1371 a
1679 1352 1745 1382 pro-

136 1391 211 1430 priis
234 1391 389 1431 episcopis
412 1395 466 1421 aut
489 1392 521 1421 in
544 1392 699 1432 episcopia
713 1396 766 1422 aut
787 1393 819 1422 in
832 1393 1021 1423 monasteria
1038 1392 1197 1423 babitandi
1221 1398 1250 1422 et
1267 1393 1472 1422 conversandi
1497 1403 1550 1433 pro
1572 1393 1744 1423 exercendo

134 1442 236 1472 officie
260 1443 507 1473 constituantur:
531 1443 563 1472 in
587 1443 704 1483 quibus
725 1443 808 1473 enim
831 1443 979 1474 mulieres
1001 1443 1086 1473 nulla
1110 1444 1286 1473 conversari
1312 1444 1387 1473 ratio
1410 1444 1594 1484 permittit.m

237 1495 281 1525 11.
326 1494 374 1525 Ut
397 1494 586 1525 sacerdos
606 1504 681 1524 non
705 1494 842 1535 aliquo
866 1495 953 1524 ludo
977 1495 1201 1525 delectetur.
1249 1495 1399 1525 Sacerdos
1419 1495 1502 1524 enim
1520 1495 1743 1525 seduledivimt

94 1554 120 1572 ²5
133 1545 224 1576 debet
247 1546 435 1586 perscrutari
456 1549 485 1576 et
507 1545 675 1576 admonere
697 1546 837 1585 eloquia7
861 1550 895 1576 ut
917 1546 1097 1576 inveniatur
1120 1546 1230 1576 beatus
1252 1546 1289 1575 de
1312 1556 1374 1586 quo
1397 1546 1556 1586 psalmista
1579 1546 1638 1575 ait:
1663 1547 1744 1575 'eth'

134 1597 165 1626 in
190 1596 256 1637 lege
280 1597 348 1627 eius
372 1596 574 1627 meditabitur
596 1597 645 1627 die
674 1608 709 1627 ac
741 1597 852 1627 nocte.v
911 1596 1120 1634 Quamobrem
1150 1597 1242 1627 ludos
1265 1596 1388 1636 aliquos
1410 1607 1513 1626 coram
1536 1606 1568 1626 se
1591 1597 1655 1627 tieri
1681 1607 1741 1626 uon

133 1647 312 1678 delectetur.
353 1647 578 1688 Transgressor
600 1648 716 1688 quippe
740 1648 888 1678 inventus
911 1648 1156 1678 admonitionem
1178 1648 1314 1688 episcopi
1340 1648 1470 1678 ulterius
1493 1658 1583 1687 agere
1605 1648 1741 1678 desinat:

132 1699 181 1728 sin
203 1702 320 1736 autem,
341 1700 490 1729 canonice
513 1699 675 1729 iudicetur¹

239 1750 282 1780 12.
327 1749 372 1780 Ut
394 1750 625 1780 sacerdotes
658 1750 853 1780 feneralia
879 1755 944 1780 aut
976 1751 1126 1780 rustica
1158 1751 1383 1780 ministeria
1416 1760 1489 1779 non
1522 1756 1739 1779 exerceant.

92 1810 119 1828 δυ
134 1801 314 1831 Sacerdotes
337 1802 442 1841 itaque
465 1802 519 1841 qui
542 1801 579 1831 ad
602 1801 704 1831 debita
730 1806 758 1831 et
785 1805 938 1841 oportuna
968 1801 1067 1831 officia
1091 1801 1229 1831 ecclesiis
1257 1801 1467 1831 iuditiifreuter
1489 1801 1597 1831 adesse
1620 1801 1742 1834 ‹lo-nent,

136 1853 239 1883 fenore
259 1852 365 1892 aliquo
395 1855 449 1883 aut
477 1853 642 1882 venatione
670 1852 716 1882 vel
745 1852 851 1892 aliqua
882 1853 1084 1892 occupatione
1112 1853 1291 1892 rusticoque
1319 1852 1491 1882 ministerio
1519 1852 1648 1881 omuino
1680 1862 1739 1881 nou

135 1908 340 1944 occupentur,
365 1904 439 1944 quia
462 1904 529 1933 sinc
551 1908 662 1933 ornatu
687 1903 865 1934 sacerdotali
891 1909 977 1934 extra
1001 1903 1110 1933 domos
1132 1913 1184 1933 cos
1206 1913 1354 1943 apparere
1378 1913 1438 1932 uon
1462 1903 1622 1933 convenit:
1650 1913 1687 1932 ne
1710 1909 1741 1932 ut

133 1955 229 1995 aliqui
265 1955 471 1985 saecularium
509 1955 640 1984 iniurias
671 1955 849 1995 paciantur:
886 1955 937 1985 sed
964 1964 998 1985 ea
1027 1954 1223 1984 solummodo
1258 1964 1338 1994 quae
1365 1964 1418 1994 per
1449 1960 1570 1993 patrum
1602 1954 1740 1983 instituta

136 2006 286 2037 videntur
308 2006 481 2036 obs(-›1·vent.
530 2005 711 2036 Coutrarius
739 2006 876 2046 denique
904 2006 1052 2036 inventus
1080 2010 1133 2035 aut
1159 2006 1305 2045 deinceps
1333 2005 1469 2037 desinat,
1498 2010 1551 2034 aut
1574 2005 1741 2034 canonicae

92 2066 118 2084 :³5
131 2057 291 2087 subiaceat
312 2057 502 2097 disciplinae.

235 2110 277 2139 123.
321 2109 357 2139 Si
392 2108 576 2138 sacerdos
607 2109 882 2139 testimonium
913 2109 1022 2138 dicat.
1076 2111 1274 2147 Quamquam
1307 2109 1501 2137 sacerdotum
1531 2107 1744 2137 testimonium

134 2159 316 2190 credibilius
346 2159 510 2192 habeatur.
543 2164 644 2190 tamen
676 2160 731 2200 ipsi
758 2160 785 2189 iu
811 2159 1005 2189 secularibus
1029 2159 1159 2197 negotiis
1185 2169 1238 2198 pro
1261 2159 1438 2188 testimonio
1469 2163 1521 2188 aut
1545 2158 1747 2187 coniicit-ndis

137 2211 359 2241 instrumentis
383 2220 443 2240 uon
468 2215 633 2251 rogentur.
656 2211 728 2251 quia
753 2220 805 2240 cos
829 2211 856 2240 iu
882 2210 997 2240 talibus
1023 2209 1115 2240 rebus
1131 2221 1198 2239 esse
1217 2220 1276 2239 nou
1294 2210 1448 2239 convenit.
1492 2210 1522 2239 Si
1549 2210 1632 2239 euim
1656 2218 1748 2238 even-

134 2264 182 2291 tae
205 2271 319 2291 causae
341 2261 458 2301 aliquid
492 2261 625 2291 viderint
656 2267 708 2292 aut
738 2262 908 2292 audierint.
938 2261 989 2291 ubi
1021 2261 1124 2291 nullae
1151 2261 1279 2290 idolicae
1308 2261 1495 2290 secularium
1508 2267 1519 2279 ¹¹
1548 2261 1749 2290 inveniantur

90 2322 118 2340 40
139 2322 302 2352 personae,
336 2322 373 2342 ne
396 2313 511 2343 veritas
533 2313 708 2343 occultetur
730 2318 759 2343 et
782 2312 884 2342 malus
909 2316 940 2342 ut
964 2312 1066 2342 bouus
1088 2312 1268 2345 estimetur,
1299 2312 1327 2340 in
1355 2312 1546 2352 providentia
1574 2312 1687 2351 proprii
1711 2312 1748 2340 sit

136 2363 286 2403 episcopi,
321 2368 354 2393 ut
383 2368 436 2394 aut
466 2374 569 2393 coram
601 2374 634 2393 se
665 2369 694 2394 et
723 2363 974 2404 competentibus
1005 2362 1161 2393 iudicibts
1189 2368 1241 2392 aut
1270 2363 1360 2392 aliter
1388 2363 1546 2392 veritatem
1579 2362 1749 2392 honorilice

134 2414 283 2444 attollant.

235 2466 278 2495 14.
325 2465 392 2495 Ubi
411 2466 640 2495 sacerdotes
659 2470 743 2505 post
760 2465 1157 2505 eondempuntiouem
1184 2470 1442 2505 esseoportet.
1470 2464 1744 2494 Sacerdosetenim

137 2519 191 2546 aut
212 2516 316 2555 quivis
346 2516 427 2546 alius
456 2517 484 2546 iu
515 2516 624 2546 ordine
653 2516 843 2546 eclesiastico
874 2522 1038 2556 provectus
1065 2516 1088 2545 si
1121 2516 1149 2545 iu
1171 2527 1206 2545 eo
1237 2516 1352 2545 scelere
1383 2516 1575 2547 inveniatur.
1603 2526 1666 2555 quo
1693 2515 1745 2545 ab·

92 2577 119 2596 1¹5»
139 2566 292 2596 iicieudus
314 2567 443 2601 existat,
467 2567 626 2607 (inquisitus
648 2567 841 2607 providentia
864 2568 998 2607 episcopi
1026 2567 1102 2597 bene
1127 2567 1250 2607 proviso
1273 2567 1338 2596 lot-o
1355 2568 1577 2598 constituatur,
1601 2567 1651 2596 nbi
1678 2577 1745 2606 pet·-

137 2620 202 2647 cata
229 2617 330 2655 lugeat
352 2623 380 2647 et
407 2617 537 2647 ultetius
562 2628 621 2647 non
646 2619 825 2648 committat.

237 2753 274 2769 mi
301 2744 419 2777 Ideoque
435 2744 470 2769 ibi
487 2754 533 2769 cos
546 2744 699 2770 conversari
715 2749 739 2770 ct
757 2745 852 2770 nutriri
867 2749 972 2779 oportet
986 2746 1052 2770 mlcl.
1069 2746 1167 2770 illumi.
1232 2756 1246 2771 n
1281 2746 1429 2771 seculariac
1445 2757 1465 2770 ι·.

238 2870 282 2895 ll*t
308 2870 373 2896 Can,
391 2869 431 2896 15.
499 2869 531 2894 122
567 2869 665 2894 l'salm.
682 2870 703 2897 1.
716 2872 740 2895 2¹.

194 2925 234 2943 ¹11»-
255 2926 386 2945 CM'ITULA
393 2926 436 2944 ΙίΙᾹ
457 2926 473 2943 1.
